<?xml version="1.0" encoding="UTF-8"?>
<Document xmlns="urn:iso:std:iso:20022:tech:xsd:pain.008.001.12" xmlns:xsi="http://www.w3.org/2001/XMLSchema-instance" xsi:schemaLocation="urn:iso:std:iso:20022:tech:xsd:pain.008.001.12 pain.008.001.12.xsd">
  <CstmrDrctDbtInitn>
    <GrpHdr>
      <MsgId>MSG/10eb6771e670efc5dfdc0eabcdef</MsgId>
      <CreDtTm>2026-04-03T23:22:32+02:00</CreDtTm>
      <NbOfTxs>1</NbOfTxs>
      <CtrlSum>39.99</CtrlSum>
      <InitgPty>
        <Nm>Glaeubiger GmbH</Nm>
        <Id>
          <OrgId>
            <Othr>
              <Id>DE98ZZZ09999999999</Id>
            </Othr>
          </OrgId>
        </Id>
      </InitgPty>
    </GrpHdr>
    <PmtInf>
      <PmtInfId>MSG/10eb6771e670efc5dfdc0eabcdef/1</PmtInfId>
      <PmtMtd>DD</PmtMtd>
      <BtchBookg>true</BtchBookg>
      <NbOfTxs>1</NbOfTxs>
      <CtrlSum>39.99</CtrlSum>
      <PmtTpInf>
        <SvcLvl>
          <Cd>SEPA</Cd>
        </SvcLvl>
        <LclInstrm>
          <Cd>CORE</Cd>
        </LclInstrm>
        <SeqTp>OOFF</SeqTp>
      </PmtTpInf>
      <ReqdColltnDt>1999-01-01</ReqdColltnDt>
      <Cdtr>
        <Nm>Glaeubiger GmbH</Nm>
      </Cdtr>
      <CdtrAcct>
        <Id>
          <IBAN>DE87200500001234567890</IBAN>
        </Id>
      </CdtrAcct>
      <CdtrAgt>
        <FinInstnId>
          <BICFI>BANKDEFFXXX</BICFI>
        </FinInstnId>
      </CdtrAgt>
      <ChrgBr>SLEV</ChrgBr>
      <CdtrSchmeId>
        <Id>
          <PrvtId>
            <Othr>
              <Id>DE98ZZZ09999999999</Id>
              <SchmeNm>
                <Prtry>SEPA</Prtry>
              </SchmeNm>
            </Othr>
          </PrvtId>
        </Id>
      </CdtrSchmeId>
      <DrctDbtTxInf>
        <PmtId>
          <EndToEndId>XYZ/2013-08-ABO/12345</EndToEndId>
        </PmtId>
        <InstdAmt Ccy="EUR">39.99</InstdAmt>
        <DrctDbtTx>
          <MndtRltdInf>
            <MndtId>K-02-2011-12345</MndtId>
            <DtOfSgntr>2011-01-25</DtOfSgntr>
          </MndtRltdInf>
        </DrctDbtTx>
        <DbtrAgt>
          <FinInstnId>
            <BICFI>SPUEDE2UXXX</BICFI>
          </FinInstnId>
        </DbtrAgt>
        <Dbtr>
          <Nm>Zahlemann und Soehne GbR</Nm>
        </Dbtr>
        <DbtrAcct>
          <Id>
            <IBAN>DE21500500009876543210</IBAN>
          </Id>
        </DbtrAcct>
        <RmtInf>
          <Ustrd>Unsere Rechnung vom 10.08.2013</Ustrd>
        </RmtInf>
      </DrctDbtTxInf>
    </PmtInf>
  </CstmrDrctDbtInitn>
</Document>
